<record><leader>00000cas a22000007a 4500</leader><controlfield tag="001">13781283</controlfield><controlfield tag="008">860626d18861887paudn ne      0    0eng d</controlfield><datafield ind1=" " ind2=" " tag="010"><subfield code="a">sn 86091505 </subfield></datafield><datafield ind1=" " ind2=" " tag="040"><subfield code="a">UNP</subfield><subfield code="b">eng</subfield><subfield code="c">UNP</subfield><subfield code="d">NPH</subfield><subfield code="d">MGN</subfield><subfield code="d">UBY</subfield><subfield code="d">OCLCQ</subfield><subfield code="d">OCLCF</subfield><subfield code="d">OCLCO</subfield></datafield><datafield ind1=" " ind2=" " tag="042"><subfield code="a">msc</subfield></datafield><datafield ind1=" " ind2=" " tag="043"><subfield code="a">n-us-pa</subfield></datafield><datafield ind1="0" ind2=" " tag="130"><subfield code="a">Wilkes-Barre daily news-dealer (Wilkes-Barre, Pa. : 1886)</subfield></datafield><datafield ind1="1" ind2="0" tag="245"><subfield code="a">Wilkes-Barre daily news-dealer.</subfield></datafield><datafield ind1=" " ind2=" " tag="260"><subfield code="a">Wilkes-Barre, Pa. :</subfield><subfield code="b">Economic Print. Co.,</subfield><subfield code="c">1886-1887.</subfield></datafield><datafield ind1=" " ind2=" " tag="300"><subfield code="a">3 v. ;</subfield><subfield code="c">55 cm.</subfield></datafield><datafield ind1=" " ind2=" " tag="310"><subfield code="a">Daily (except Sun.)</subfield></datafield><datafield ind1="0" ind2=" " tag="362"><subfield code="a">Vol. 3, no. 42 (Jan. 1, 1886)-v. 6, no. 937 (Nov. 17, 1887).</subfield></datafield><datafield ind1=" " ind2=" " tag="500"><subfield code="a">Also published in Pittston, Pa.</subfield></datafield><datafield ind1=" " ind2=" " tag="580"><subfield code="a">Sunday ed.: Sunday news-dealer (Wilkes-Barre, Pa. : 1884); and weekly ed.: Dollar weekly news-dealer.</subfield></datafield><datafield ind1=" " ind2="0" tag="651"><subfield code="a">Wilkes-Barre (Pa.)</subfield><subfield code="v">Newspapers.</subfield></datafield><datafield ind1=" " ind2="7" tag="655"><subfield code="a">Newspapers.</subfield><subfield code="2">fast</subfield><subfield code="0">(OCoLC)fst01423814</subfield></datafield><datafield ind1=" " ind2="7" tag="651"><subfield code="a">Pennsylvania</subfield><subfield code="z">Wilkes-Barre.</subfield><subfield code="2">fast</subfield><subfield code="0">(OCoLC)fst01205407</subfield></datafield><datafield ind1=" " ind2=" " tag="752"><subfield code="a">United States</subfield><subfield code="b">Pennsylvania</subfield><subfield code="c">Luzerne</subfield><subfield code="d">Wilkes-Barre.</subfield></datafield><datafield ind1=" " ind2=" " tag="752"><subfield code="a">United States</subfield><subfield code="b">Pennsylvania</subfield><subfield code="c">Luzerne</subfield><subfield code="d">Pittston.</subfield></datafield><datafield ind1="1" ind2=" " tag="775"><subfield code="t">Sunday news-dealer (Wilkes-Barre, Pa. : 1884)</subfield><subfield code="w">(DLC)sn 87078064</subfield><subfield code="w">(OCoLC)14208851</subfield></datafield><datafield ind1="1" ind2=" " tag="775"><subfield code="t">Dollar weekly news-dealer</subfield><subfield code="w">(DLC)sn 86099916</subfield></datafield><datafield ind1="0" ind2="0" tag="780"><subfield code="t">Daily news-dealer (Wilkes-Barre, Pa. : 1884)</subfield><subfield code="w">(DLC)sn 87078065</subfield></datafield><datafield ind1="0" ind2="0" tag="785"><subfield code="t">Wilkes-Barre news-dealer</subfield><subfield code="w">(DLC)sn 87078066</subfield><subfield code="w">(OCoLC)14208777</subfield></datafield></record>